@book{knuthprogramming4a1,
	author = "Donald E. Knuth",
	title = "The Art of Programming, Volume 4A: Combinatorial Algorithms, Part 1",
	year = "2011",
	isbn = "978-0-201-03804-0",
	publisher = "Addison-Wesley",
	pagetotal = "883",
	edition = "1"
}